@article{birkedal2012first,
  title={First steps in synthetic guarded domain theory: step-indexing in the topos of trees},
  author={Birkedal, Lars and M{\o}gelberg, Rasmus Ejlers and Schwinghammer, Jan and St{\o}vring, Kristian},
  journal={Logical Methods in Computer Science},
  volume={8},
  year={2012},
  publisher={Episciences. org}
}

@article{RN922,
   author = {Di Liberti, Ivan and Ramos González, Julia},
   title = {Gabriel–Ulmer Duality for Topoi and its Relation with Site Presentations},
   journal = {Applied Categorical Structures},
   volume = {28},
   number = {6},
   pages = {935-962},
   abstract = {Let $$\kappa $$be a regular cardinal. We study Gabriel–Ulmer duality when one restricts the 2-category of locally $$\kappa $$-presentable categories with $$\kappa $$-accessible right adjoints to its locally full sub-2-category of $$\kappa $$-presentable Grothendieck topoi with geometric $$\kappa $$-accessible morphisms. In particular, we provide a full understanding of the locally full sub-2-category of the 2-category of $$\kappa $$-small cocomplete categories with $$\kappa $$-small colimit preserving functors arising as the corresponding 2-category of presentations via the restriction. We analyse the relation of these presentations of Grothendieck topoi with site presentations and we show that the 2-category of locally $$\kappa $$-presentable Grothendieck topoi with geometric $$\kappa $$-accessible morphisms is a reflective sub-bicategory of the 2-category of weakly $$\kappa $$-ary sites [in the sense of Shulman (Theory Appl Categ 27:97–173, 2012)] with morphisms of sites.},
   ISSN = {1572-9095},
   DOI = {10.1007/s10485-020-09605-x},
   url = {https://doi.org/10.1007/s10485-020-09605-x},
   year = {2020},
   type = {Journal Article}
}

@article{RN921,
   author = {Bezhanishvili, G. and Bezhanishvili, N.},
   title = {Profinite Heyting Algebras},
   journal = {Order},
   volume = {25},
   number = {3},
   pages = {211-227},
   abstract = {For a Heyting algebra A, we show that the following conditions are equivalent: (i) A is profinite; (ii) A is finitely approximable, complete, and completely join-prime generated; (iii) A is isomorphic to the Heyting algebra Up(X) of upsets of an image-finite poset X. We also show that A is isomorphic to its profinite completion iff A is finitely approximable, complete, and the kernel of every finite homomorphic image of A is a principal filter of A.},
   ISSN = {1572-9273},
   DOI = {10.1007/s11083-008-9089-1},
   url = {https://doi.org/10.1007/s11083-008-9089-1},
   year = {2008},
   type = {Journal Article}
}

@article{RN917,
   author = {Carboni, Aurelio and Pedicchio, MC and Rosický, Jiří},
   title = {Syntactic characterizations of various classes of locally presentable categories},
   journal = {Journal of Pure and Applied Algebra},
   volume = {161},
   number = {1-2},
   pages = {65-90},
   ISSN = {0022-4049},
   year = {2001},
   type = {Journal Article}
}

@article{RN900,
   author = {Rogers, Morgan},
   title = {On Supercompactly and Compactly Generated Toposes},
   journal = {Theory and Applications of Categories},
   volume = {37},
   number = {32},
   pages = {1017-1079},
   year = {2021},
   type = {Journal Article}
}

@article{RN552,
   author = {Bauer, Andrej},
   title = {First steps in synthetic computability theory},
   journal = {Electronic Notes in Theoretical Computer Science},
   volume = {155},
   pages = {5-31},
   ISSN = {1571-0661},
   year = {2006},
   type = {Journal Article}
}

@article{bauer2009dedekind,
  title={The Dedekind reals in abstract Stone duality},
  author={Bauer, Andrej and Taylor, Paul},
  journal={Mathematical structures in computer science},
  volume={19},
  number={4},
  pages={757--838},
  year={2009},
  publisher={Cambridge University Press}
}

@article{bezhanishvili2010bitopological,
  title={Bitopological duality for distributive lattices and {H}eyting algebras},
  author={Bezhanishvili, Guram and Bezhanishvili, Nick and Gabelaia, David and Kurz, Alexander},
  journal={Mathematical Structures in Computer Science},
  volume={20},
  number={3},
  pages={359--393},
  year={2010},
  publisher={Cambridge University Press}
}

@article{stone1938topological,
  title={Topological representations of distributive lattices and Brouwerian logics},
  author={Stone, Marshall Harvey},
  journal={{\v{C}}asopis pro p{\v{e}}stov{\'a}n{\'\i} matematiky a fysiky},
  volume={67},
  number={1},
  pages={1--25},
  year={1938},
  publisher={Jednota {\v{c}}eskoslovensk{\`y}ch matematik{\uu} a fysik{\uu}}
}

@book{makkai2006first,
  title={First order categorical logic: model-theoretical methods in the theory of topoi and related categories},
  author={Makkai, Michael and Reyes, Gonzalo E},
  volume={611},
  year={2006},
  publisher={Springer}
}

@article{RN854,
   author = {Scott, Dana},
   title = {Data types as lattices},
   journal = {SIAM Journal on computing},
   volume = {5},
   number = {3},
   pages = {522-587},
   ISSN = {0097-5397},
   year = {1976},
   type = {Journal Article}
}

@book{PhoaWesleyKym-Son1991DtiR,
publisher = {Ph.D. Dissertation},
year = {1991},
title = {Domain theory in Realizability Toposes.},
language = {eng},
address = {University of Cambridge},
author = {Phoa, Wesley Kym-Son},
}

@article{RN879,
   author = {Blass, Andreas},
   title = {Functions on universal algebras},
   journal = {Journal of Pure and Applied Algebra},
   volume = {42},
   number = {1},
   pages = {25-28},
   ISSN = {0022-4049},
   year = {1986},
   type = {Journal Article}
}

@article{buchholtz2021synthetic,
  title={Synthetic fibered $(\infty, 1)$-category theory},
  author={Buchholtz, Ulrik and Weinberger, Jonathan},
  year={2023},
  journal={Higher Structures},
  pages={74-165},
  volume={7}
}

@article{riehl2017type,
  title={A type theory for synthetic $\infty$-categories},
  author={Riehl, Emily and Shulman, Michael},
  journal={Higher Structures},
  year={2017},
  pages={147-224},
  volume={1}
}

@article{JIBLADZE1997185,
title = {A presentation of the initial lift-algebra},
journal = {Journal of Pure and Applied Algebra},
volume = {116},
number = {1},
pages = {185-198},
year = {1997},
issn = {0022-4049},
doi = {https://doi.org/10.1016/S0022-4049(96)00108-9},
url = {https://www.sciencedirect.com/science/article/pii/S0022404996001089},
author = {Mamuka Jibladze},
}

@article{cherubini2024foundation,
  title={A Foundation for Synthetic Stone Duality},
  author={Cherubini, Felix and Coquand, Thierry and Geerligs, Freek and Moeneclaey, Hugo},
  journal={arXiv preprint arXiv:2412.03203},
  year={2024}
}

@article{gratzer2024directed,
  title={Directed univalence in simplicial homotopy type theory},
  author={Gratzer, Daniel and Weinberger, Jonathan and Buchholtz, Ulrik},
  journal={arXiv preprint arXiv:2407.09146},
  year={2024}
}

@article{Cherubini_Coquand_Hutzler_2024, title={A foundation for synthetic algebraic geometry}, volume={34}, DOI={10.1017/S0960129524000239}, number={9}, journal={Mathematical Structures in Computer Science}, author={Cherubini, Felix and Coquand, Thierry and Hutzler, Matthias}, year={2024}, pages={1008-1053}} <div></div>

@inproceedings{10.1145/3373718.3394801,
author = {Sojakova, Kristina and Doorn, Floris van and Rijke, Egbert},
title = {Sequential Colimits in Homotopy Type Theory},
year = {2020},
isbn = {9781450371049},
publisher = {Association for Computing Machinery},
address = {New York, NY, USA},
url = {https://doi.org/10.1145/3373718.3394801},
doi = {10.1145/3373718.3394801},
abstract = {Sequential colimits are an important class of higher inductive types. We present a self-contained and fully formalized proof of the conjecture that in homotopy type theory sequential colimits appropriately commute with Σ-types. This result allows us to give short proofs of a number of useful corollaries, some of which were conjectured in other works: the commutativity of sequential colimits with identity types, with homotopy fibers, loop spaces, and truncations, and the preservation of the properties of truncatedness and connectedness under sequential colimits. Our entire development carries over to (∞, 1)-toposes using Shulman's recent interpretation of homotopy type theory into these structures.},
booktitle = {Proceedings of the 35th Annual ACM/IEEE Symposium on Logic in Computer Science},
pages = {845–858},
numpages = {14},
keywords = {higher inductive types, homotopy type theory, sequential colimits},
location = {Saarbr\"{u}cken, Germany},
series = {LICS '20}
}

@misc{blechschmidt2020general,
  title={A general nullstellensatz for generalized spaces},
  author={Blechschmidt, Ingo},
  year={2020},
  note={Unpublished note.}
}

@InProceedings{10.1007/BFb0084222,
author="Joyal, Andr{\'e}
and Tierney, Myles",
editor="Carboni, Aurelio
and Pedicchio, Maria Cristina
and Rosolini, Guiseppe",
title="Strong stacks and classifying spaces",
booktitle="Category Theory",
year="1991",
publisher="Springer Berlin Heidelberg",
address="Berlin, Heidelberg",
pages="213--236",
isbn="978-3-540-46435-8"
}

@article{ADAMEK20027,
title = {A classification of accessible categories},
journal = {Journal of Pure and Applied Algebra},
volume = {175},
number = {1},
pages = {7-30},
year = {2002},
note = {Special Volume celebrating the 70th birthday of Professor Max Kelly},
issn = {0022-4049},
doi = {https://doi.org/10.1016/S0022-4049(02)00126-3},
url = {https://www.sciencedirect.com/science/article/pii/S0022404902001263},
author = {Jiřı́ Adámek and Francis Borceux and Stephen Lack and Jiřı́ Rosický},
}

@article{shulman2010stack,
  title={Stack semantics and the comparison of material and structural set theories},
  author={Shulman, Michael A},
  journal={arXiv preprint arXiv:1004.3802},
  year={2010}
}

@article{VANOOSTEN2000233,
title = {Axioms and (counter) examples in synthetic domain theory},
journal = {Annals of Pure and Applied Logic},
volume = {104},
number = {1},
pages = {233-278},
year = {2000},
issn = {0168-0072},
doi = {https://doi.org/10.1016/S0168-0072(00)00014-2},
url = {https://www.sciencedirect.com/science/article/pii/S0168007200000142},
author = {Jaap {van Oosten} and Alex K. Simpson},
keywords = {Synthetic domain theory, Topos theory, Realizability},
}

@article{johnstone2011remarks,
  title={Remarks on punctual local connectedness},
  author={Johnstone, Peter T},
  journal={Theory Appl. Categ},
  volume={25},
  number={3},
  pages={51--63},
  year={2011}
}

@article{shulman2019all,
  title={All ($\infty$,1)-toposes have strict univalent universes},
  author={Shulman, Michael},
  journal={arXiv preprint arXiv:1904.07004},
  year={2019}
}

@article{flaten2023univalent,
  title={Univalent categories of modules},
  author={Flaten, Jarl G Taxer{\aa}s},
  journal={Mathematical Structures in Computer Science},
  volume={33},
  number={2},
  pages={106--133},
  year={2023},
  publisher={Cambridge University Press}
}

@article{ahrens2015univalent,
  title={Univalent categories and the Rezk completion},
  author={Ahrens, Benedikt and Kapulkin, Krzysztof and Shulman, Michael},
  journal={Mathematical Structures in Computer Science},
  volume={25},
  number={5},
  pages={1010--1039},
  year={2015},
  publisher={Cambridge University Press}
}

@inproceedings{frumin2018finite,
  title={Finite sets in homotopy type theory},
  author={Frumin, Dan and Geuvers, Herman and Gondelman, L{\'e}on and Weide, Niels van der},
  booktitle={Proceedings of the 7th ACM SIGPLAN International Conference on Certified Programs and Proofs},
  pages={201--214},
  year={2018}
}

@book{lausch2000algebra,
  title={Algebra of polynomials},
  author={Lausch, Hans and Nobauer, Wilfred},
  year={2000},
  publisher={Elsevier}
}

@inproceedings{hyland2006first,
  title={First steps in synthetic domain theory},
  author={Hyland, J Martin E},
  booktitle={Category Theory: Proceedings of the International Conference held in Como, Italy, July 22--28, 1990},
  pages={131--156},
  year={2006},
  organization={Springer}
}

@article{FIORE1997151,
  title = {Two models of synthetic domain theory},
  journal = {Journal of Pure and Applied Algebra},
  volume = {116},
  number = {1},
  pages = {151-162},
  year = {1997},
  issn = {0022-4049},
  doi = {https://doi.org/10.1016/S0022-4049(96)00164-8},
  url = {https://www.sciencedirect.com/science/article/pii/S0022404996001648},
  author = {Marcelo P. Fiore and Giuseppe Rosolini},
  keywords = {18B25, 03G30, 68Q55},
  abstract = {Two models of synthetic domain theory encompassing traditional categories of domains are introduced. First, we present a Grothendieck topos embedding the category ω-Cpo of ω-complete posets and ω-continuous functions as a reflective exponential ideal. Second, we obtain analogous results with respect to a category of domains and stable functions.}
}

@article{blechschmidt2021using,
  title={Using the internal language of toposes in algebraic geometry},
  author={Blechschmidt, Ingo},
  journal={arXiv preprint arXiv:2111.03685},
  year={2021}
}

@article{anel2009grothendieck,
  title={Grothendieck Topologies from Unique Factorisation Systems},
  author={Anel, Mathieu},
  journal={arXiv preprint arXiv:0902.1130},
  year={2009}
}

@book{caramello2018theories,
  title={Theories, Sites, Toposes: Relating and studying mathematical theories through topos-theoretic `bridges'},
  author={Caramello, Olivia},
  year={2018},
  publisher={Oxford University Press}
}

@BOOK{SGA4,
    AUTHOR = "Artin, Michael and Grothendieck, Alexander and Verdier, Jean-Louis",
    TITLE = "Theorie de Topos et Cohomologie Etale des Schemas {I}, {II}, {III}",
    PUBLISHER = "Springer",
    YEAR = "1971",
    SERIES = "Lecture Notes in Mathematics",
    VOLUME = "269, 270, 305"
}

@book{moerdijk2000proper,
  title={Proper Maps of Toposes},
  author={Moerdijk, Ieke and Vermeulen, Jacob Johan Caspar},
  volume={705},
  year={2000},
  publisher={American Mathematical Society}
}

@phdthesis{rogers2021toposes,
  title={Toposes of Monoid Actions},
  author={Rogers, Morgan and others},
  year={2021},
  school={Universit{\`a} degli Studi dell'Insubria}
}

@book{hodges1997shorter,
  title={A Shorter Model Theory},
  author={Hodges, Wilfrid},
  year={1997},
  publisher={Cambridge University Press}
}

@article{ye2024stack,
  title={Stack Representation of Finitely Presented Heyting Pretoposes I},
  author={Ye, Lingyuan},
  journal={arXiv preprint arXiv:2402.13099},
  year={2024}
}

@article{Rogers2023toposesof,
  doi = {10.32408/compositionality-5-1},
  url = {https://doi.org/10.32408/compositionality-5-1},
  title = {Toposes of {T}opological {M}onoid {A}ctions},
  author = {Rogers, Morgan},
  journal = {{Compositionality}},
  issn = {2631-4444},
  publisher = {{Compositionality}},
  volume = {5},
  pages = {1},
  month = jan,
  year = {2023}
}

@article{garner2012remarks,
  title={REMARKS ON EXACTNESS NOTIONS PERTAINING TO PUSHOUTS},
  author={GARNER, RICHARD},
  journal={Theory and Applications of Categories},
  volume={27},
  number={1},
  pages={2--9},
  year={2012},
  publisher={Citeseer}
}

@article{RN673,
   author = {Di Liberti, Ivan and Osmond, Axel},
   title = {Bi-accessible and bipresentable 2-categories},
   journal = {arXiv preprint arXiv:2203.07046},
   year = {2022},
   type = {Journal Article}
}

@article{besten2020homotopy,
  title={On homotopy exponentials in path categories},
  author={Besten, Martijn den},
  journal={arXiv preprint arXiv:2010.14313},
  year={2020}
}

@unpublished{part3,
  author  = {van den Berg, Benno and Faber, Eric},
  year    = {2022},
  note    = {Unpublished note},
}

@unpublished{monoidal,
  author  = {van den Berg, Benno and John Bourke},
  year    = {2023},
  note    = {Unpublished note},
}

@misc{cavallo2024,
  title={Why some cubical models don't present spaces},
  author={Evan Cavallo},
  year={2024},
  howpublished={Talk at HoTTEST},
  url={https://www.math.uwo.ca/faculty/kapulkin/seminars/hottestfiles/Cavallo-2024-03-28-HoTTEST.pdf}
}

@inproceedings{angiuli2018cartesian,
  title={Cartesian cubical computational type theory: Constructive reasoning with paths and equalities},
  author={Angiuli, Carlo and Hou, Kuen-Bang Favonia and Harper, Robert},
  booktitle={Computer Science Logic (CSL 2018)},
  year={2018}
}

@inproceedings{bezem2014model,
  title={A model of type theory in cubical sets},
  author={Bezem, Marc and Coquand, Thierry and Huber, Simon},
  booktitle={19th International Conference on Types for Proofs and Programs (TYPES 2013)},
  volume={26},
  pages={107--128},
  year={2014}
}

@article{gentzen1964investigations,
  title={Investigations into logical deduction},
  author={Gentzen, Gerhard},
  journal={American Philosophical Quarterly},
  volume={1},
  number={4},
  pages={288--306},
  year={1964},
  publisher={JSTOR}
}

@inbook{shulman2021homotopy,
  place={Cambridge},
  title={Homotopy Type Theory: The Logic of Space},
  booktitle={New Spaces in Mathematics: Formal and Conceptual Reflections},
  publisher={Cambridge University Press},
  author={Shulman, Michael},
  editor={Anel, Mathieu and Catren, GabrielEditors},
  year={2021},
  pages={322–404}
}

@misc{awodey2019fibrancy,
  title={Composition, Filling, and Fibrancy of the Universe},
  author={Steve Awodey},
  year={2019},
  howpublished={Talk at Foundations and Applications of Univalent Mathematics},
  url={https://cj-xu.github.io/faum/awodey.pdf}
}

@article{verdon2017coherence,
  title={Coherence for braided and symmetric pseudomonoids},
  author={Verdon, Dominic},
  journal={arXiv preprint arXiv:1705.09354},
  year={2017}
}

@article{street1997monoidal,
  title={Monoidal bicategories and Hopf algebroids},
  author={Street, Ross and Day, Brian},
  journal={Advances in Mathematics},
  volume={129},
  pages={99--157},
  year={1997}
}

@book{joyal2008quasiintro,
  title={The Theory of Quasi-Categories and its Applications},
  author={Andr\'e Joyal},
  year={2008},
  publisher={Lecture Notes at Advanced Course on Simplicial Methods in Higher Categories, CRM 2008}
}

@book{leinster2004higher,
  title={Higher Operads, Higher Categories},
  author={Leinster, Tom},
  number={298},
  year={2004},
  publisher={Cambridge University Press}
}

@book{MacLane1978,
  author="Mac Lane, Saunders",
  title="Categories for the Working Mathematician",
  year="1978",
  publisher="Springer New York",
  address="New York, NY",
  isbn="978-1-4757-4721-8",
  doi="10.1007/978-1-4757-4721-8_11",
}

@phdthesis{rosolini1986continuity,
  title={Continuity and Effectiveness in Topoi},
  author={Rosolini, Giuseppe},
  year={1986},
  school={University of Oxford}
}

@book{hirschhorn2003model,
  title={Model Categories and Their Localizations},
  author={Hirschhorn, Philip S},
  number={99},
  year={2003},
  publisher={American Mathematical Society}
}

@book{borceux1994handbook,
  title={Handbook of categorical algebra: volume 1, Basic category theory},
  author={Borceux, Francis},
  volume={1},
  year={1994},
  publisher={Cambridge University Press}
}

@book{karpilovsky1987algebraic,
  title={The Algebraic Structure of Crossed Products},
  author={Karpilovsky, Gregory},
  year={1987},
  publisher={Elsevier}
}

@article{bergner2011reedy,
  author = {Bergner, Julia and Rezk, Charles},
  year = {2011},
  month = {10},
  title = {Reedy categories and the {$\Theta$}-construction},
  volume = {274},
  journal = {Mathematische Zeitschrift},
  doi = {10.1007/s00209-012-1082-0}
}

@article{riehl2014theory,
  title={The Theory and Practice of Reedy Categories},
  author={RIEHL, EMILY and VERITY, DOMINIC},
  journal={Theory and Applications of Categories},
  volume={29},
  number={9},
  pages={256--301},
  year={2014}
}

@inproceedings{ehresmann1963categories,
  title={Cat{\'e}gories structur{\'e}es},
  author={Ehresmann, Charles},
  booktitle={Annales Scientifiques de L'{\'E}cole Normale Sup{\'e}rieure},
  volume={80},
  pages={349--426},
  year={1963}
}

@book{Aczel1997NotesOC,
  title={Notes on Constructive Set Theory},
  author={Peter Aczel and Michael Rathjen},
  year={2001},
  volume={40},
  publisher={Technical Report at Institut Mittag-Leffler}
}

@article{van2020univalent,
  title={Univalent polymorphism},
  author={van den Berg, Benno},
  journal={Annals of Pure and Applied Logic},
  volume={171},
  number={6},
  pages={102793},
  year={2020},
  publisher={Elsevier}
}

@article{RIEHL20131069,
  title = {Monoidal algebraic model structures},
  journal = {Journal of Pure and Applied Algebra},
  volume = {217},
  number = {6},
  pages = {1069-1104},
  year = {2013},
  issn = {0022-4049},
  doi = {https://doi.org/10.1016/j.jpaa.2012.09.029},
  url = {https://www.sciencedirect.com/science/article/pii/S0022404912003052},
  author = {Emily Riehl},
}

@book{cisinski2006presheaf,
  author = {Cisinski, Denis-Charles},
  title = {Les pr\'efaisceaux comme mod\`eles des types d'homotopie},
  series = {Ast\'erisque},
  publisher = {Soci\'et\'e math\'ematique de France},
  number = {308},
  year = {2006},
  mrnumber = {2294028},
  zbl = {1111.18008},
  language = {fr},
  url = {http://www.numdam.org/item/AST_2006__308__R1_0/}
}

@article{cisinski2002theories,
  title={Th{\'e}ories homotopiques dans les topos},
  author={Cisinski, Denis-Charles},
  journal={Journal of Pure and Applied Algebra},
  volume={174},
  number={1},
  pages={43--82},
  year={2002},
  publisher={Elsevier}
}

@article{frege1948sense,
 ISSN = {00318108, 15581470},
 URL = {http://www.jstor.org/stable/2181485},
 author = {Gottlob Frege},
 journal = {The Philosophical Review},
 number = {3},
 pages = {209--230},
 publisher = {[Duke University Press, Philosophical Review]},
 title = {Sense and Reference},
 urldate = {2024-04-29},
 volume = {57},
 year = {1948}
}

@article{GAMBINO20173027,
  title = {The Frobenius condition, right properness, and uniform fibrations},
  journal = {Journal of Pure and Applied Algebra},
  volume = {221},
  number = {12},
  pages = {3027-3068},
  year = {2017},
  issn = {0022-4049},
  doi = {https://doi.org/10.1016/j.jpaa.2017.02.013},
  url = {https://www.sciencedirect.com/science/article/pii/S0022404917300385},
  author = {Nicola Gambino and Christian Sattler},
}

@article{joyal2007quasi,
  title={Quasi-categories vs Segal spaces},
  author={Joyal, Andr{\'e} and Tierney, Myles},
  journal={Contemporary Mathematics},
  volume={431},
  number={277-326},
  pages={10},
  year={2007},
  publisher={Providence, RI: American Mathematical Society}
}

@INPROCEEDINGS{sterling2021normalization,
  author={Sterling, Jonathan and Angiuli, Carlo},
  booktitle={2021 36th Annual ACM/IEEE Symposium on Logic in Computer Science (LICS)}, 
  title={Normalization for Cubical Type Theory}, 
  year={2021},
  volume={},
  number={},
  pages={1-15},
  keywords={Computer science;Syntactics},
  doi={10.1109/LICS52264.2021.9470719}
}

@article{huber2019canonicity,
   author = {Huber, Simon},
   title = {Canonicity for Cubical Type Theory},
   journal = {Journal of Automated Reasoning},
   volume = {63},
   number = {2},
   pages = {173-210},
   ISSN = {1573-0670},
   DOI = {10.1007/s10817-018-9469-1},
   url = {https://doi.org/10.1007/s10817-018-9469-1},
   year = {2019},
   type = {Journal Article}
}

@InProceedings{coquand_et_al:LIPIcs.FSCD.2019.11,
  author =	{Coquand, Thierry and Huber, Simon and Sattler, Christian},
  title =	{{Homotopy Canonicity for Cubical Type Theory}},
  booktitle =	{4th International Conference on Formal Structures for Computation and Deduction (FSCD 2019)},
  pages =	{11:1--11:23},
  series =	{Leibniz International Proceedings in Informatics (LIPIcs)},
  ISBN =	{978-3-95977-107-8},
  ISSN =	{1868-8969},
  year =	{2019},
  volume =	{131},
  editor =	{Geuvers, Herman},
  publisher =	{Schloss Dagstuhl -- Leibniz-Zentrum f{\"u}r Informatik},
  address =	{Dagstuhl, Germany},
  URL =		{https://drops-dev.dagstuhl.de/entities/document/10.4230/LIPIcs.FSCD.2019.11},
  URN =		{urn:nbn:de:0030-drops-105188},
  doi =		{10.4230/LIPIcs.FSCD.2019.11},
}

@article{bezem2019univalence,
   author = {Bezem, Marc and Coquand, Thierry and Huber, Simon},
   title = {The Univalence Axiom in Cubical Sets},
   journal = {Journal of Automated Reasoning},
   volume = {63},
   number = {2},
   pages = {159-171},
   ISSN = {1573-0670},
   DOI = {10.1007/s10817-018-9472-6},
   url = {https://doi.org/10.1007/s10817-018-9472-6},
   year = {2019},
   type = {Journal Article}
}

@inproceedings{coquand2018higher,
  title={On higher inductive types in cubical type theory},
  author={Coquand, Thierry and Huber, Simon and M{\"o}rtberg, Anders},
  booktitle={Proceedings of the 33rd Annual ACM/IEEE Symposium on Logic in Computer Science},
  pages={255--264},
  year={2018}
}

@InProceedings{Cohen2015CubicalTT,
  author =	{Cohen, Cyril and Coquand, Thierry and Huber, Simon and M\"{o}rtberg, Anders},
  title =	{{Cubical Type Theory: A Constructive Interpretation of the Univalence Axiom}},
  booktitle =	{21st International Conference on Types for Proofs and Programs (TYPES 2015)},
  pages =	{5:1--5:34},
  series =	{Leibniz International Proceedings in Informatics (LIPIcs)},
  ISBN =	{978-3-95977-030-9},
  ISSN =	{1868-8969},
  year =	{2018},
  volume =	{69},
  editor =	{Uustalu, Tarmo},
  publisher =	{Schloss Dagstuhl -- Leibniz-Zentrum f{\"u}r Informatik},
  address =	{Dagstuhl, Germany},
  URL =		{https://drops-dev.dagstuhl.de/entities/document/10.4230/LIPIcs.TYPES.2015.5},
  URN =		{urn:nbn:de:0030-drops-84754},
  doi =		{10.4230/LIPIcs.TYPES.2015.5},
}

@book{goerss2009simplicial,
  title={Simplicial Homotopy Theory},
  author={Goerss, Paul G and Jardine, John F},
  year={2009},
  publisher={Springer Science \& Business Media}
}

@inproceedings{bezem2015non,
  title={Non-constructivity in {K}an simplicial sets},
  author={Bezem, Marc and Coquand, Thierry and Parmann, Erik},
  booktitle={13th International Conference on Typed Lambda Calculi and Applications (TLCA 2015)},
  year={2015},
  organization={Schloss-Dagstuhl-Leibniz Zentrum f{\"u}r Informatik}
}

@article{kapulkin2021simplicial,
  title={The simplicial model of univalent foundations (after Voevodsky)},
  author={Kapulkin, Krzysztof and Lumsdaine, Peter LeFanu},
  journal={Journal of the European Mathematical Society},
  volume={23},
  number={6},
  pages={2071--2126},
  year={2021}
}

@article{SHULMAN2020,
  title={Semantics of higher inductive types},
  volume={169}, DOI={10.1017/S030500411900015X},
  number={1},
  journal={Mathematical Proceedings of the Cambridge Philosophical Society},
  author={Lumsdaine, Peter Lefanu and Shulman, Michael},
  year={2020},
  pages={159–208}
} 

@article{awodey2014structuralism,
  title={Structuralism, invariance, and univalence},
  author={Awodey, Steve},
  journal={Philosophia Mathematica},
  volume={22},
  number={1},
  pages={1--11},
  year={2014},
  publisher={Oxford University Press}
}

@article{voevodsky2006foundation,
  title={A very short note on the homotopy {$\lambda$}-calculus},
  author={Voevodsky, Vladimir},
  journal={Unpublished note},
  year={2006}
}

@inproceedings{voevodsky2011univalent,
  title={Univalent foundations of mathematics},
  author={Voevodsky, Vladimir},
  booktitle={Logic, Language, Information and Computation: 18th International Workshop, WoLLIC 2011, Philadelphia, PA, USA. Proceedings 18},
  pages={4--4},
  year={2011},
  organization={Springer}
}

@article{lumsdaine2010weak,
  title={Weak omega-categories from intensional type theory},
  author={Lumsdaine, Peter LeFanu},
  journal={Logical Methods in Computer Science},
  volume={6},
  year={2010},
  publisher={Episciences. org}
}

@article{benno2011groupoids,
  author = {van den Berg, Benno and Garner, Richard},
  title = {Types are weak {$\omega$}-groupoids},
  journal = {Proceedings of the London Mathematical Society},
  volume = {102},
  number = {2},
  pages = {370-394},
  doi = {https://doi.org/10.1112/plms/pdq026},
  url = {https://londmathsoc.onlinelibrary.wiley.com/doi/abs/10.1112/plms/pdq026},
  eprint = {https://londmathsoc.onlinelibrary.wiley.com/doi/pdf/10.1112/plms/pdq026},
  year = {2011}
}


@book{lurie2009higher,
  title={Higher topos theory},
  author={Lurie, Jacob},
  year={2009},
  publisher={Princeton University Press}
}

@article{joyal2002quasi,
  title={Quasi-categories and Kan complexes},
  author={Joyal, Andr{\'e}},
  journal={Journal of Pure and Applied Algebra},
  volume={175},
  number={1-3},
  pages={207--222},
  year={2002},
  publisher={Elsevier}
}

@inproceedings{awodey2009homotopy,
  title={Homotopy theoretic models of identity types},
  author={Awodey, Steve and Warren, Michael A},
  booktitle={Mathematical Proceedings of the Cambridge Philosophical Society},
  volume={146},
  pages={45--55},
  year={2009},
  organization={Cambridge University Press}
}

@incollection {hofmann1998groupoid,
    AUTHOR = {Hofmann, Martin and Streicher, Thomas},
     TITLE = {The groupoid interpretation of type theory},
 BOOKTITLE = {Twenty-five Years of Constructive Type Theory
              ({V}enice, 1995)},
    SERIES = {Oxford Logic Guides},
    VOLUME = {36},
     PAGES = {83--111},
 PUBLISHER = {Oxford Univ. Press},
   ADDRESS = {New York},
      YEAR = {1998},
   MRCLASS = {03B15 (68N15 68Q55)},
  MRNUMBER = {1686862},
}

@phdthesis{hofmann1995extensional,
  title        = {Extensional Concepts in Intensional Type Theory},
  author       = {Hofmann, Martin},
  year         = {1995},
  school       = {University of Edinburgh},
  type         = {PhD thesis}
}

@inproceedings{hofmann1994groupoid,
  title={The groupoid model refutes uniqueness of identity proofs},
  author={Hofmann, Martin and Streicher, Thomas},
  booktitle={Proceedings Ninth Annual IEEE Symposium on Logic in Computer Science},
  pages={208--212},
  year={1994}
}

@book{sorensen2006lectures,
  title={Lectures on the Curry-Howard Isomorphism},
  author={S{\o}rensen, Morten Heine and Urzyczyn, Pawel},
  year={2006},
  publisher={Elsevier}
}

@article{wadler2015propositions,
  title={Propositions as types},
  author={Wadler, Philip},
  journal={Communications of the ACM},
  volume={58},
  number={12},
  pages={75--84},
  year={2015},
  publisher={ACM New York, NY, USA}
}

@Book{hottbook,
  author =    {{The Univalent Foundations Program}},
  title =     {Homotopy Type Theory: Univalent Foundations of Mathematics},
  publisher = {\textsf{https://homotopytypetheory.org}},
  address =   {Institute for Advanced Study},
  year =      {2013}
}

@article{martin1984constructive,
  title={Constructive mathematics and computer programming},
  author={Martin-Lof, Per},
  journal={Philosophical Transactions of the Royal Society of London. Series A, Mathematical and Physical Sciences},
  volume={312},
  number={1522},
  pages={501--518},
  year={1984},
  publisher={The Royal Society London}
}

@incollection{martin1975intuitionistic,
  title={An intuitionistic theory of types: Predicative part},
  author={Martin-L{\"o}f, Per},
  booktitle={Studies in Logic and the Foundations of Mathematics},
  volume={80},
  pages={73--118},
  year={1975},
  publisher={Elsevier}
}

@article{hofmann1997lifting,
  title={Lifting grothendieck universes},
  author={Hofmann, Martin and Streicher, Thomas},
  journal={Unpublished note},
  volume={1},
  number={1.2},
  pages={4},
  year={1997}
}

@article{mesablishvili2011bimonads,
  title={Bimonads and Hopf monads on categories},
  author={Mesablishvili, Bachuki and Wisbauer, Robert},
  journal={Journal of K-Theory},
  volume={7},
  number={2},
  pages={349--388},
  year={2011},
  publisher={Cambridge University Press}
}

@article{hora2024quotient,
  title={Quotient toposes of discrete dynamical systems},
  author={Hora, Ryuya and Kamio, Yuhi},
  journal={Journal of Pure and Applied Algebra},
  volume={228},
  number={8},
  pages={107657},
  year={2024},
  publisher={Elsevier}
}

@book{riehl2014categorical,
  title={Categorical Homotopy Theory},
  author={Riehl, Emily},
  volume={24},
  year={2014},
  publisher={Cambridge University Press}
}

@article{lawvere2007axiomatic,
  title={Axiomatic cohesion},
  author={Lawvere, F William},
  journal={Theory and Applications of Categories},
  volume={19},
  pages={41--49},
  year={2007},
  publisher={Mount Allison University, Department of Mathematics and Computer Science}
}

@article{carboni1993extensive,
   author = {Carboni, Aurelio and Lack, Stephen and Walters, R. F. C.},
   title = {Introduction to extensive and distributive categories},
   journal = {Journal of Pure and Applied Algebra},
   volume = {84},
   number = {2},
   pages = {145-158},
   ISSN = {0022-4049},
   DOI = {https://doi.org/10.1016/0022-4049(93)90035-R},
   url = {https://www.sciencedirect.com/science/article/pii/002240499390035R},
   year = {1993},
   type = {Journal Article}
}

@inproceedings{gambino2013polynomial,
  title={Polynomial functors and polynomial monads},
  author={Gambino, Nicola and Kock, Joachim},
  booktitle={Mathematical Proceedings of the Cambridge Philosophical Society},
  volume={154},
  pages={153--192},
  year={2013},
  organization={Cambridge University Press}
}

@article{berg2024examples,
  title={Examples and cofibrant generation of effective {K}an fibrations},
  author={Berg, Benno van den and Geerligs, Freek},
  journal={arXiv preprint arXiv:2402.10568},
  year={2024}
}

@book{heunen2019catquan,
    author = {Heunen, Chris and Vicary, Jamie},
    title = {Categories for Quantum Theory: An Introduction},
    publisher = {Oxford University Press},
    year = {2019},
    month = {11},
    isbn = {9780198739623},
    doi = {10.1093/oso/9780198739623.001.0001},
    url = {https://doi.org/10.1093/oso/9780198739623.001.0001},
    eprint = {https://academic.oup.com/book/43710/book-pdf/50991591/9780191060069\_web.pdf},
}

@article{kock1970monads,
   author = {Kock, Anders},
   title = {Monads on symmetric monoidal closed categories},
   journal = {Archiv der Mathematik},
   volume = {21},
   number = {1},
   pages = {1-10},
   ISSN = {1420-8938},
   DOI = {10.1007/BF01220868},
   url = {https://doi.org/10.1007/BF01220868},
   year = {1970},
   type = {Journal Article}
}

@article{benno2012topological,
   author = {van den Berg, Benno and Garner, Richard},
   title = {Topological and simplicial models of identity types},
   journal = {ACM Transactions on Computational Logic (TOCL)},
   volume = {13},
   number = {1},
   pages = {1-44},
   ISSN = {1529-3785},
   year = {2012},
   type = {Journal Article}
}

@article{BERG_MOERDIJK_2015,
  title={W-types in homotopy type theory},
  volume={25},
  DOI={10.1017/S0960129514000516},
  number={5},
  journal={Mathematical Structures in Computer Science},
  author={van den Berg, Benno and Moerdijk, Ieke},
  year={2015},
  pages={1100–1115}
}

@article{grandis2006natural,
  title={Natural weak factorization systems},
  author={Grandis, Marco and Tholen, Walter},
  journal={Archivum Mathematicum},
  volume={42},
  number={4},
  pages={397--408},
  year={2006},
  publisher={Department of Mathematics, Faculty of Science of Masaryk University, Brno}
}

@Inbook{Quillen1967,
  author="Quillen, Daniel G.",
  title="Axiomatic Homotopy Theory",
  bookTitle="Homotopical Algebra",
  year="1967",
  publisher="Springer Berlin Heidelberg",
  address="Berlin, Heidelberg",
  pages="1--64",
  isbn="978-3-540-35523-6",
  doi="10.1007/BFb0097439",
  url="https://doi.org/10.1007/BFb0097439"
}

@article{sattler2017equivalence,
   author = {Sattler, Christian},
   title = {The equivalence extension property and model structures},
   journal = {arXiv preprint arXiv:1704.06911},
   year = {2017},
   type = {Journal Article}
}

@article{riehl2011algebraic,
  author = {Riehl, Emily},
  year = {2011},
  pages = {173-231},
  title = {Algebraic model structures},
  volume = {17},
  journal = {New York Journal of Mathematics}
}

@article{benno2018pathid,
   author = {van den Berg, Benno},
   title = {Path Categories and Propositional Identity Types},
   journal = {ACM Trans. Comput. Logic},
   volume = {19},
   number = {2},
   pages = {Article 15},
   keywords = {homotopy theory, categorical logic, Type theory},
   ISSN = {1529-3785},
   DOI = {10.1145/3204492},
   url = {https://doi.org/10.1145/3204492},
   year = {2018},
   type = {Journal Article}
}

@article{benno2018pathexact,
   author = {van den Berg, Benno and Moerdijk, Ieke},
   title = {Exact completion of path categories and algebraic set theory: Part I: Exact completion of path categories},
   journal = {Journal of Pure and Applied Algebra},
   volume = {222},
   number = {10},
   pages = {3137-3181},
   ISSN = {0022-4049},
   DOI = {https://doi.org/10.1016/j.jpaa.2017.11.017},
   url = {https://www.sciencedirect.com/science/article/pii/S0022404917302827},
   year = {2018},
   type = {Journal Article}
}

@article{brown1973abstract,
  title={Abstract homotopy theory and generalized sheaf cohomology},
  author={Brown, Kenneth S},
  journal={Transactions of the American Mathematical Society},
  volume={186},
  pages={419--458},
  year={1973}
}

@incollection{aczel1986type,
  title={The type theoretic interpretation of constructive set theory: inductive definitions},
  author={Aczel, Peter},
  booktitle={Studies in Logic and the Foundations of Mathematics},
  volume={114},
  pages={17--49},
  year={1986},
  publisher={Elsevier}
}

@book{grandis2019higher,
  title={Higher Dimensional Categories: From Double to Multiple Categories},
  author={Grandis, Marco},
  year={2019},
  publisher={World Scientific}
}

@article{cheng2014cyclic,
   author = {Cheng, Eugenia and Gurski, Nick and Riehl, Emily},
   title = {Cyclic multicategories, multivariable adjunctions and mates},
   journal = {Journal of K-Theory},
   volume = {13},
   number = {2},
   pages = {337-396},
   ISSN = {1865-2433},
   year = {2014},
   type = {Journal Article}
}

@article{bourke2016awfs,
   author = {Bourke, John and Garner, Richard},
   title = {Algebraic weak factorisation systems {I}: Accessible {AWFS}},
   journal = {Journal of Pure and Applied Algebra},
   volume = {220},
   number = {1},
   pages = {108-147},
   ISSN = {0022-4049},
   year = {2016},
   type = {Journal Article}
}

@article{bourke2023orthogonal,
   author = {Bourke, John},
   title = {An orthogonal approach to algebraic weak factorisation systems},
   journal = {Journal of Pure and Applied Algebra},
   volume = {227},
   number = {6},
   pages = {107294},
   ISSN = {0022-4049},
   year = {2023},
   type = {Journal Article}
}

@book{van2022effective,
  title={Effective Kan Fibrations in Simplicial Sets},
  author={van den Berg, Benno and Faber, Eric},
  volume={2321},
  year={2022},
  publisher={Springer Nature}
}

@article{makkai1993fibrational,
  title={The fibrational formulation of intuitionistic predicate logic I: completeness according to G{\"o}del, Kripke, and L{\"a}uchli. I.},
  author={Makkai, Michael},
  journal={Notre Dame Journal of Formal Logic},
  volume={34},
  number={3},
  pages={334--377},
  year={1993},
  publisher={Duke University Press}
}

@book{maclane2012sheaves,
  title={Sheaves in geometry and logic: A first introduction to topos theory},
  author={MacLane, Saunders and Moerdijk, Ieke},
  year={2012},
  publisher={Springer Science \& Business Media}
}

@InProceedings{street1974fibration,
  author="Street, Ross",
  editor="Kelly, Gregory M.",
  title="Fibrations and Yoneda's lemma in a 2-category",
  booktitle="Category Seminar",
  year="1974",
  publisher="Springer Berlin Heidelberg",
  address="Berlin, Heidelberg",
  pages="104--133",
  isbn="978-3-540-37270-7"
}


@article{breiner2014scheme,
  title={Scheme representation for first-order logic},
  author={Breiner, Spencer},
  journal={arXiv preprint arXiv:1402.2600},
  year={2014}
}

@article{moerdijk1985descent,
   author = {Moerdijk, Ieke},
   title = {An elementary proof of the descent theorem for Grothendieck toposes},
   journal = {Journal of Pure and Applied Algebra},
   volume = {37},
   pages = {185-191},
   ISSN = {0022-4049},
   year = {1985},
   type = {Journal Article}
}

@book{joyal1984extension,
  title={An extension of the Galois theory of Grothendieck},
  author={Joyal, Andr{\'e} and Tierney, Myles},
  volume={309},
  year={1984},
  publisher={American Mathematical Soc.}
}

@article{street1982twosheaf,
   author = {Street, Ross},
   title = {Two-dimensional sheaf theory},
   journal = {Journal of Pure and Applied Algebra},
   volume = {23},
   number = {3},
   pages = {251-270},
   ISSN = {0022-4049},
   year = {1982},
   type = {Journal Article}
}

@article{dupont2003proper,
  title={Proper factorization systems in 2-categories},
  author={Dupont, Mathieu and Vitale, Enrico M},
  journal={Journal of Pure and Applied Algebra},
  volume={179},
  number={1-2},
  pages={65--86},
  year={2003},
  publisher={Elsevier}
}

@article{caramello2019denseness,
  title={Denseness conditions, morphisms and equivalences of toposes},
  author={Caramello, Olivia},
  journal={arXiv preprint arXiv:1906.08737},
  year={2019}
}

@article{Haigh1980,
  title={Essential geometric morphisms between toposes over finite sets},
  volume={87},
  DOI={10.1017/S0305004100056474},
  number={1},
  journal={Mathematical Proceedings of the Cambridge Philosophical Society},
  author={Haigh, John},
  year={1980},
  pages={21–24}
}

@BOOK{SGA4,
  AUTHOR = "Artin, Michael and Grothendieck, Alexander and Verdier, Jean-Louis",
  TITLE = "Theorie de Topos et Cohomologie Etale des Schemas {I}, {II}, {III}",
  PUBLISHER = "Springer",
  YEAR = "1971",
  SERIES = "Lecture Notes in Mathematics",
  VOLUME = "269, 270, 305"
}

@article{giacomo2022accessible,
   author = {Tendas, Giacomo},
   title = {On Continuity of Accessible Functors},
   journal = {Applied Categorical Structures},
   volume = {30},
   number = {5},
   pages = {937-946},
   ISSN = {1572-9095},
   DOI = {10.1007/s10485-022-09677-x},
   url = {https://doi.org/10.1007/s10485-022-09677-x},
   year = {2022},
   type = {Journal Article}
}

@book{adamek1994locally,
  title={Locally presentable and accessible categories},
  author={Ad{\'a}mek, Ji{\v{r}}{\'\i} and Rosicky, Ji{\v{r}}{\'\i}},
  volume={189},
  year={1994},
  publisher={Cambridge University Press}
}

@misc{nlab:heyting_2-category,
  author = {Michael Shulman},
  title = {{{H}}eyting 2-category},
  howpublished = {\url{https://ncatlab.org/nlab/show/Heyting+2-category}},
  note = {\href{https://ncatlab.org/nlab/revision/Heyting+2-category/1}{Revision 1}},
  month = feb,
  year = 2024
}

@article{pitts1992uniform,
 ISSN = {00224812},
 URL = {http://www.jstor.org/stable/2275175},
 author = {Andrew M. Pitts},
 journal = {The Journal of Symbolic Logic},
 number = {1},
 pages = {33--52},
 publisher = {[Association for Symbolic Logic, Cambridge University Press]},
 title = {On an Interpretation of Second Order Quantification in First Order Intuitionistic Propositional Logic},
 urldate = {2024-02-16},
 volume = {57},
 year = {1992}
}

@article{pitts1983open,
   author = {Pitts, Andrew M},
   title = {An application of open maps to categorical logic},
   journal = {Journal of pure and applied algebra},
   volume = {29},
   number = {3},
   pages = {313-326},
   ISSN = {0022-4049},
   year = {1983},
   type = {Journal Article}
}

@article{pitts1983heytingalg,
   author = {Pitts, AM},
   title = {Amalgamation and interpolation in the category of Heyting algebras},
   journal = {Journal of Pure and Applied Algebra},
   volume = {29},
   number = {2},
   pages = {155-165},
   ISSN = {0022-4049},
   year = {1983},
   type = {Journal Article}
}

@misc{nlab:n-category,
  author = {{nLab authors}},
  title = {(n,r)-category},
  howpublished = {\url{https://ncatlab.org/nlab/show/%28n%2Cr%29-category}},
  note = {\href{https://ncatlab.org/nlab/revision/%28n%2Cr%29-category/59}{Revision 59}},
  month = feb,
  year = 2024
}

@article{awodey2021sheafduality,
   author = {Awodey, Steve},
   title = {Sheaf Representations and Duality in Logic},
   journal = {Joachim Lambek: The Interplay of Mathematics, Logic, and Linguistics},
   volume = {20},
   pages = {39},
   ISSN = {3030665453},
   year = {2021},
   type = {Journal Article}
}

@book{ghilardi2013sheaves,
  title={Sheaves, games, and model completions: A categorical approach to nonclassical propositional logics},
  author={Ghilardi, Silvio and Zawadowski, Marek},
  volume={14},
  year={2013},
  publisher={Springer Science \& Business Media}
}

@article{mellies2009categorical,
  title={Categorical semantics of linear logic},
  author={Mellies, Paul-Andr{\'e}},
  journal={Panoramas et syntheses},
  volume={27},
  pages={15--215},
  year={2009}
}

@article{mellies2017etude,
  title={Une {\'E}tude Micrologique de la N{\'e}gation},
  author={Melli{\`e}s, Paul-Andr{\'e}},
  journal={Habilitation {\`a} diriger des recherches. Universit{\'e} Paris VII},
  year={2017}
}

@book{tarski1953undecidable,
  title={Undecidable theories},
  author={Tarski, Alfred and Mostowski, Andrzej and Robinson, Raphael Mitchel},
  volume={13},
  year={1953},
  publisher={Elsevier}
}

@InProceedings{10.1007/BFb0080769,
  author="Lawvere, F. William",
  title="Diagonal arguments and cartesian closed categories",
  booktitle="Category Theory, Homology Theory and their Applications II",
  year="1969",
  publisher="Springer Berlin Heidelberg",
  address="Berlin, Heidelberg",
  pages="134--145",
  isbn="978-3-540-36101-5"
}

@article{maietti2003joyal,
  title = {Joyal's arithmetic universes via type theory},
  journal = {Electronic Notes in Theoretical Computer Science},
  volume = {69},
  pages = {272-286},
  year = {2003},
  note = {CTCS'02, Category Theory and Computer Science},
  issn = {1571-0661},
  doi = {https://doi.org/10.1016/S1571-0661(04)80569-3},
  url = {https://www.sciencedirect.com/science/article/pii/S1571066104805693},
  author = {Maria Emilia Maietti},
}

@article{maietti2010joyal,
  author = {Maietti, Maria},
  year = {2010},
  title = {Joyal's arithmetic universe as list-arithmetic pretopos},
  volume = {24},
  journal = {Theory and Applications of Categories}
}

@article{van2020g,
  title={G\"odel incompleteness through Arithmetic Universes after {A. J}oyal},
  author={van Dijk, Joost and Oldenziel, Alexander Gietelink},
  journal={arXiv preprint arXiv:2004.10482},
  year={2020}
}

@unpublished{llama,
  Author = {Ye, Lingyuan},
  Year = {2022},
  Title = {Towards Functorial Model Theory},
  Note = {Talk at LLAMA seminar, ILLC. Slides available at https://events.illc.uva.nl/llama/slides/ye-2023.pdf}
}

@article{ebd3917b-45d3-3823-8e5d-cd6e2e717b0a,
 ISSN = {00029947},
 URL = {http://www.jstor.org/stable/2001533},
 author = {S. \'Swierczkowski},
 journal = {Transactions of the American Mathematical Society},
 number = {1},
 pages = {315--328},
 publisher = {American Mathematical Society},
 title = {Interpretations of Euclidean Geometry},
 volume = {322},
 year = {1990}
}

@phdthesis{breiner2013duality,
  title        = {Scheme representation for first-order logic},
  author       = {Breiner, Spencer},
  year         = {2013},
  note         = {Available at arXiv:1402.2600},
  school       = {Carnegie Mellon University},
  type         = {PhD thesis}
}

@article{streicher2018fibered,
  title={Fibered categories {\`a} la {J}ean {B}enabou},
  author={Streicher, Thomas},
  journal={arXiv preprint arXiv:1801.02927},
  year={2018}
}

@article{grabmayr2023varieties,
  title={Varieties of Self-Reference in Metamathematics},
  author={Grabmayr, Balthasar and Halbach, Volker and Ye, Lingyuan},
  journal={Journal of Philosophical Logic},
  pages={1--48},
  year={2023},
  publisher={Springer}
}

@article{awodey2008brief,
  title={A brief introduction to algebraic set theory},
  author={Awodey, Steve},
  journal={Bulletin of Symbolic Logic},
  volume={14},
  number={3},
  pages={281--298},
  year={2008},
  publisher={Cambridge University Press}
}

@article{van2008aspects,
  title={Aspects of predicative algebraic set theory I: Exact Completion},
  author={van den Berg, Benno and Moerdijk, Ieke},
  journal={Annals of Pure and Applied Logic},
  volume={156},
  number={1},
  pages={123--159},
  year={2008},
  publisher={Elsevier}
}

@book{joyal1995algebraic,
  title={Algebraic set theory},
  author={Joyal, Andr{\'e} and Moerdijk, Ieke},
  volume={220},
  year={1995},
  publisher={Cambridge University Press}
}

@book{simpson2009subsystems,
  title={Subsystems of second order arithmetic},
  author={Simpson, Stephen George},
  volume={1},
  year={2009},
  publisher={Cambridge University Press}
}

@incollection{buss1997bounded,
  title={Bounded arithmetic and propositional proof complexity},
  author={Buss, Samuel R},
  booktitle={Logic of computation},
  pages={67--121},
  year={1997},
  publisher={Springer}
}

@article{sterling2023geometry,
  title={Towards a geometry for syntax}, 
  author={Jonathan Sterling},
  year={2023},
  journal={arXiv preprint arXiv:2307.09497},
}

@article{Moerdijk1983-IEKOTF,
  author = {Ieke Moerdijk},
  doi = {10.1305/ndjfl/1093870454},
  journal = {Notre Dame Journal of Formal Logic},
  number = {4},
  pages = {517--526},
  publisher = {Duke University Press},
  title = {On the Freyd Cover of a Topos},
  volume = {24},
  year = {1983}
}

@article{ye2023categorical,
  title={Categorical Structure in Theory of Arithmetic},
  author={Ye, Lingyuan},
  journal={arXiv preprint arXiv:2304.05477},
  year={2023},
}

@article{ye2023ultraposet,
  title={Ultraposet, Distributive Lattice, and Coherent Locale},
  author={Ye, Lingyuan},
  journal={arXiv preprint arXiv:2304.10956},
  year={2023}
}

@book{johnstone1982stone,
  title={Stone spaces},
  author={Johnstone, Peter T},
  volume={3},
  year={1982},
  publisher={Cambridge university press}
}

@article{lurie2018ultracategories,
  title={Ultracategories},
  author={Lurie, Jacob},
  journal={Available at www. math. harvard.edu/\~{}lurie/papers/Conceptual. pdf},
  year={2018}
}

@incollection{makkai1982stone,
  title={Stone duality for first order logic},
  author={Makkai, M},
  booktitle={Studies in Logic and the Foundations of Mathematics},
  volume={107},
  pages={217--232},
  year={1982},
  publisher={Elsevier}
}

@article{barr1973embedding,
 ISSN = {00029939, 10886826},
 URL = {http://www.jstor.org/stable/2038702},
 author = {Michael Barr},
 journal = {Proceedings of the American Mathematical Society},
 number = {1},
 pages = {42--46},
 publisher = {American Mathematical Society},
 title = {Embedding of Categories},
 urldate = {2023-10-19},
 volume = {37},
 year = {1973}
}

@article{RN617,
   author = {Makkai, Michael and Pitts, AM},
   title = {Some results on locally finitely presentable categories},
   journal = {Transactions of the American Mathematical Society},
   volume = {299},
   number = {2},
   pages = {473-496},
   ISSN = {0002-9947},
   year = {1987},
   type = {Journal Article}
}

@book{makkai1993duality,
  title={Duality and definability in first order logic},
  author={Makkai, Michael},
  volume={503},
  year={1993},
  publisher={American Mathematical Society}
}

@article{visser2006categories,
  title={Categories of theories and interpretations},
  author={Visser, Albert and Enayat, Ali and Kalantari, Iraj and Moniri, Mojtaba},
  journal={Logic in Tehran},
  volume={26},
  pages={284--341},
  year={2006},
  publisher={Association for Symbolic Logic}
}

@article{visser1997overview,
  title={An overview of interpretability logic},
  author={Visser, Albert},
  journal={Logic Group Preprint Series},
  volume={174},
  year={1997}
}

@article{visser2011can,
  title={Can we make the second incompleteness theorem coordinate free?},
  author={Visser, Albert},
  journal={Journal of Logic and Computation},
  volume={21},
  number={4},
  pages={543--560},
  year={2011},
  publisher={OUP}
}

@book{alma990006608870205131,
author = {H\'ajek, Petr and Pudl\'ak, Pavel},
address = {Berlin},
isbn = {3540506322},
keywords = {Arithmetic},
language = {eng},
lccn = {9221885},
publisher = {Springer-Verlag},
series = {Perspectives in mathematical logic},
title = {Metamathematics of first-order arithmetic},
year = {1993},
}

@article{lawvere1969adjointness,
  title={Adjointness in foundations},
  author={Lawvere, F William},
  journal={Dialectica},
  pages={281--296},
  year={1969},
  publisher={JSTOR}
}

@article{shulman2016categorical,
  title={Categorical logic from a categorical point of view},
  author={Shulman, Michael},
  journal={Available at https://mikeshulman.github.io/catlog/catlog.pdf},
  year={2016}
}

@book{lambek1988introduction,
  title={Introduction to higher-order categorical logic},
  author={Lambek, Joachim and Scott, Philip J},
  volume={7},
  year={1988},
  publisher={Cambridge University Press}
}

@BOOK{JacobsCLTT, 
AUTHOR       = "B. Jacobs", 
TITLE        = "Categorical Logic and Type Theory",
PUBLISHER    = "North Holland", 
ADDRESS      = "Amsterdam", 
SERIES       = "Studies in Logic and the Foundations of Mathematics",
NUMBER       = "141",
YEAR         = "1999"}

@book{johnstone2002sketches,
  title={Sketches of an Elephant: A Topos Theory Compendium},
  author={Johnstone, Peter T},
  volume={1, 2},
  year={2002},
  publisher={Oxford University Press}
}

@article{visser2009theory,
  title={Why the theory {R} is special},
  author={Visser, Albert},
  journal={Utrecht University Logic Group Preprint Series},
  volume={279},
  year={2009}
}

@incollection{Boolos1995,
	pages = {283--296},
	year = {1995},
	title = {Quotational Ambiguity},
	editor = {Paolo Leonardi and Marco Santambrogio},
	author = {George Boolos},
	publisher = {Cambridge University Press},
	booktitle = {On Quine: New Essays}
}

@article{Feferman1960,
	journal = {Fundamenta Mathematicae},
	number = {},
	pages = {35--92},
	year = {1960},
	title = {Arithmetization of Metamathematics in a General Setting},
	volume = {49},
	author = {Solomon Feferman}
}

@article{Fraassen1970,
	doi = {10.1007/BF00484809},
	author = {Bas C. Fraassen},
	title = {Inference and Self-Reference},
	volume = {21},
	year = {1970},
	pages = {425--438},
	number = {3-4},
	journal = {Synthese}
}

@article{Godel1931,
	title = {\"{U}ber Formal Unentscheidbare {S}\"atze der {P}rincipia {M}athematica Und Verwandter {S}ysteme {I}},
	year = {1931},
	volume = {38},
	number = {1},
	journal = {Monatshefte f\"ur Mathematik},
	author = {K. G\"odel},
	pages = {173--198},
}

@book{Godel1986,
	year = {1986},
	address = {Oxford},
	publisher = {Oxford University Press},
	author = {Kurt G\"odel},
	title = {Collected Works. Vol. 1: Publications 1929--1936}
}

@article{GrabmayrVisser2021,
	pages = {1--40},
	title={Self-reference Upfront: A Study of Self-referential {G}\"odel Numberings},
	author={Balthasar Grabmayr and Albert Visser},
	year={2021},
	journal={Review of Symbolic Logic},
	note={doi:10.1017/S1755020321000393}
}

@article{Grabmayr2020,
	journal = {Review of Symbolic Logic},
	author = {Balthasar Grabmayr},
	year = {2021},
	volume={14},
	number={1},
	title = {On the Invariance of {G}\"odel's second theorem with regard to Numberings},
	pages={51–84}
}

@article{HalbachVisser1,
	journal = {Review of Symbolic Logic},
	year = {2014},
	title = {Self-Reference in Arithmetic {I}},
	volume = {7},
	number = {4},
	author = {Volker Halbach and Albert Visser},
	pages = {671--691}
}

@article{HalbachVisser2,
	title = {Self-Reference in Arithmetic {II}},
	journal = {Review of Symbolic Logic},
	pages = {692--712},
	volume = {7},
	author = {Volker Halbach and Albert Visser},
	year = {2014},
	number = {4}
}

@book{HalbachLeigh2021,
	author = {Volker Halbach and Graham Leigh},
	title = {The Road to Paradox: A Guide to Syntax, Truth, and Modality},
	year = {2021},
	publisher = {Cambridge University Press},
	note = {To be published},
}

@article{Heck2007,
	pages = {1--29},
	number = {1},
	volume = {15},
	title = {Self-Reference and the Languages of Arithmetic},
	year = {2007},
	publisher = {Oxford University Press},
	author = {Richard Kimberly Heck},
	journal = {Philosophia Mathematica},
	note = {(originally published under the name "Richard G. Heck, Jr")}
}

@article{Henkin1952,
	pages = {160},
	volume = {15},
	title = {A problem concerning provability},
	year = {1952},
	author = {Leon Henkin},
	journal = {Journal of Symbolic Logic}
}

@book{Hinman1978,
	author = {Peter G. Hinman},
	publisher = {Springer},
	year = {1978},
	title = {Recursion-Theoretic Hierarchies},
	address={Berlin}
}

@article{Jeroslow1973,
	journal = {Journal of Symbolic Logic},
	pages = {359--367},
	title = {Redundancies in the {H}ilbert-{B}ernays Derivability Conditions for {G}\"odel's Second Incompleteness Theorem},
	number = {3},
	publisher = {Association for Symbolic Logic},
	volume = {38},
	author = {R. G. Jeroslow},
	year = {1973}
}

@article{Kreisel1953,
  title={On a Problem of {Henkin’s}},
  author={G. Kreisel},
  year={1953},
	number={15},
	pages={405--406},
	journal={Mathematics}
}

@article{Kripke1975,
	volume = {72},
	pages = {690--716},
	number = {19},
	journal = {Journal of Philosophy},
	publisher = {Journal of Philosophy Inc},
	year = {1975},
	title = {Outline of a Theory of Truth},
	author = {Saul A. Kripke}
}

@article{Lob1955,
	volume = {20},
	year = {1955},
	doi = {10.2307/2266895},
	author = {M. H. L\"ob},
	publisher = {Association for Symbolic Logic},
	pages = {115--118},
	number = {2},
	journal = {Journal of Symbolic Logic},
	title = {Solution of a Problem of {L}eon {H}enkin}
}

@BOOK{Odifreddi1,
	AUTHOR = {Piergiorgio Odifreddi},
	YEAR = {1989},
	TITLE = {{Classical Recursion Theory}},
	EDITION = {},
	PUBLISHER = {North-Holland},
	ADDRESS = {Amsterdam},
}

@article{Picollo2018,
	pages = {573--603},
	publisher = {Ludwig-Maximilians-Universit\"at M\"unchen},
	doi = {10.1017/s1755020317000351},
	number = {3},
	volume = {11},
	title = {Reference in Arithmetic},
	year = {2018},
	author = {Lavinia Picollo},
	journal = {Review of Symbolic Logic}
}

@book{Quine1940,
   author = {W. V. Quine},
   title = {{Mathematical Logic}},
   publisher = {W. W. Norton},
   edition = {1},
   year = {1940},
   address = {New York},
   quality = {5},
 }

@phdthesis{Schindler2015,
	title = {Type-Free Truth},
	author = {Thomas Schindler},
	year = {2015},
	school = {Ludwig Maximilians Universit\"at M\"unchen}
}

@book{Smorynski1985,
	title={Self-reference and modal logic},
	author={Smory\'nski, Craig},
	year={1985},
	publisher={Springer}
}

@article{Tarski1936,
	volume = {1},
	year = {1936},
	note = {Reprinted as `The Concept of Truth in Formalized Languages' in \cite{Tarski1956}, pp.~152–278. Page references are given for the translation.},
	journal = {Studia Philosophica},
	title = {{Der Wahrheitsbegriff in den formalisierten Sprachen}},
	author = {Alfred Tarski},
	pages = {261--405}
}

@book{Tarski1956,
	publisher = {Oxford, Clarendon Press},
	author = {Alfred Tarski},
	year = {1956},
	title = {Logic, Semantics, Metamathematics}
}

@INCOLLECTION{Visser1989,
	AUTHOR             = {Visser, A.},
	Editor             = {D. Gabbay and F. Guenthner},
	Publisher          = {Reidel},
	Address            = {Dordrecht},
	Booktitle          = {Handbook of Philosophical Logic},
	volume = {IV},
	TITLE              = {Semantics and the Liar Paradox},
	pages              =  {617--706},
	YEAR               = {1989}
}

@article{Cai91,
	author = "Cain, James and Damnjanovic, Zlatan",
	journal = jsl,
	pages = "1452--1468",
	title = "{On the weak {K}leene scheme in {K}ripke's theory of truth}",
	volume = 56,
	year = 1991
}
